%YAML 1.1
%TAG !u! tag:unity3d.com,2011:
--- !u!241 &24100000
AudioMixerController:
  m_ObjectHideFlags: 0
  m_CorrespondingSourceObject: {fileID: 0}
  m_PrefabInstance: {fileID: 0}
  m_PrefabAsset: {fileID: 0}
  m_Name: radio_audio_mixer
  m_OutputGroup: {fileID: 0}
  m_MasterGroup: {fileID: 24300002}
  m_Snapshots:
  - {fileID: 245774279887290656}
  - {fileID: 245075720561260606}
  - {fileID: 245545833512073234}
  - {fileID: 245045770607051536}
  m_StartSnapshot: {fileID: 245774279887290656}
  m_SuspendThreshold: -80
  m_EnableSuspend: 1
  m_UpdateMode: 0
  m_ExposedParameters:
  - guid: c458574af88a54494a9e63242e19383c
    name: master_volume
  - guid: fae33aed899cd48deaee69439dde3991
    name: dance_music_volume
  - guid: 156159de9983a4b74a11434abf2c5c34
    name: dubstep_music_volume
  - guid: d26cec030b76442f0834f22262db3e4c
    name: dubstep_short_volume
  - guid: a4f619a50bb334d8996fba5d33e0a17b
    name: radiostatic_volume
  m_AudioMixerGroupViews:
  - guids:
    - 0b2dbd97b329b4cbbb3981236bbefbc9
    - 089566a9cd4a44405b6229cbabda2ec9
    - 6263cce9a0170489f805d2c7bc59abb5
    - 18e7791d35fc742f5a105026248e3d83
    - 8882e7e28f04e43e8a234ebcad7aa6ca
    name: View
  m_CurrentViewIndex: 0
  m_TargetSnapshot: {fileID: 245774279887290656}
--- !u!243 &24300002
AudioMixerGroupController:
  m_ObjectHideFlags: 0
  m_CorrespondingSourceObject: {fileID: 0}
  m_PrefabInstance: {fileID: 0}
  m_PrefabAsset: {fileID: 0}
  m_Name: Master
  m_AudioMixer: {fileID: 24100000}
  m_GroupID: 0b2dbd97b329b4cbbb3981236bbefbc9
  m_Children:
  - {fileID: 243502457303019020}
  - {fileID: 243213116900143628}
  - {fileID: 243323462599494228}
  - {fileID: 243453250002416584}
  m_Volume: c458574af88a54494a9e63242e19383c
  m_Pitch: 850719a642faa4297a7c73a0820c4b3d
  m_Effects:
  - {fileID: 24400004}
  m_UserColorIndex: 0
  m_Mute: 0
  m_Solo: 0
  m_BypassEffects: 0
--- !u!244 &24400004
AudioMixerEffectController:
  m_ObjectHideFlags: 3
  m_CorrespondingSourceObject: {fileID: 0}
  m_PrefabInstance: {fileID: 0}
  m_PrefabAsset: {fileID: 0}
  m_Name: 
  m_EffectID: c9eb3256070b441f683f9ee30812af24
  m_EffectName: Attenuation
  m_MixLevel: 8d14681315f17441ea877ff84f26f1d8
  m_Parameters: []
  m_SendTarget: {fileID: 0}
  m_EnableWetMix: 0
  m_Bypass: 0
--- !u!243 &243213116900143628
AudioMixerGroupController:
  m_ObjectHideFlags: 0
  m_CorrespondingSourceObject: {fileID: 0}
  m_PrefabInstance: {fileID: 0}
  m_PrefabAsset: {fileID: 0}
  m_Name: dubstep_music
  m_AudioMixer: {fileID: 24100000}
  m_GroupID: 6263cce9a0170489f805d2c7bc59abb5
  m_Children: []
  m_Volume: 156159de9983a4b74a11434abf2c5c34
  m_Pitch: c5f179ff021db40d6a72991b02430603
  m_Effects:
  - {fileID: 244873556120312664}
  m_UserColorIndex: 0
  m_Mute: 0
  m_Solo: 0
  m_BypassEffects: 0
--- !u!243 &243323462599494228
AudioMixerGroupController:
  m_ObjectHideFlags: 0
  m_CorrespondingSourceObject: {fileID: 0}
  m_PrefabInstance: {fileID: 0}
  m_PrefabAsset: {fileID: 0}
  m_Name: dubstep_short
  m_AudioMixer: {fileID: 24100000}
  m_GroupID: 18e7791d35fc742f5a105026248e3d83
  m_Children: []
  m_Volume: d26cec030b76442f0834f22262db3e4c
  m_Pitch: e0f061261fb0c43e0be7a69ed3d41baa
  m_Effects:
  - {fileID: 244341262306651598}
  m_UserColorIndex: 0
  m_Mute: 0
  m_Solo: 0
  m_BypassEffects: 0
--- !u!243 &243453250002416584
AudioMixerGroupController:
  m_ObjectHideFlags: 0
  m_CorrespondingSourceObject: {fileID: 0}
  m_PrefabInstance: {fileID: 0}
  m_PrefabAsset: {fileID: 0}
  m_Name: static
  m_AudioMixer: {fileID: 24100000}
  m_GroupID: 8882e7e28f04e43e8a234ebcad7aa6ca
  m_Children: []
  m_Volume: a4f619a50bb334d8996fba5d33e0a17b
  m_Pitch: d656043f38a76495280ecb522413f2d5
  m_Effects:
  - {fileID: 244573076761890912}
  m_UserColorIndex: 0
  m_Mute: 0
  m_Solo: 0
  m_BypassEffects: 0
--- !u!243 &243502457303019020
AudioMixerGroupController:
  m_ObjectHideFlags: 0
  m_CorrespondingSourceObject: {fileID: 0}
  m_PrefabInstance: {fileID: 0}
  m_PrefabAsset: {fileID: 0}
  m_Name: dance_music
  m_AudioMixer: {fileID: 24100000}
  m_GroupID: 089566a9cd4a44405b6229cbabda2ec9
  m_Children: []
  m_Volume: fae33aed899cd48deaee69439dde3991
  m_Pitch: da996c502cf7b460a84248ec453ca1f9
  m_Effects:
  - {fileID: 244225196478872170}
  m_UserColorIndex: 0
  m_Mute: 0
  m_Solo: 0
  m_BypassEffects: 0
--- !u!244 &244225196478872170
AudioMixerEffectController:
  m_ObjectHideFlags: 3
  m_CorrespondingSourceObject: {fileID: 0}
  m_PrefabInstance: {fileID: 0}
  m_PrefabAsset: {fileID: 0}
  m_Name: 
  m_EffectID: af0a94fa5f4b94578b4d6031b56a7182
  m_EffectName: Attenuation
  m_MixLevel: 2f7c5bfd110294670a71168c09f5b46c
  m_Parameters: []
  m_SendTarget: {fileID: 0}
  m_EnableWetMix: 0
  m_Bypass: 0
--- !u!244 &244341262306651598
AudioMixerEffectController:
  m_ObjectHideFlags: 3
  m_CorrespondingSourceObject: {fileID: 0}
  m_PrefabInstance: {fileID: 0}
  m_PrefabAsset: {fileID: 0}
  m_Name: 
  m_EffectID: 522763347a7ff493fb5e69910a009819
  m_EffectName: Attenuation
  m_MixLevel: 01d83ee5b3b6e498293bfc6337c5622a
  m_Parameters: []
  m_SendTarget: {fileID: 0}
  m_EnableWetMix: 0
  m_Bypass: 0
--- !u!244 &244573076761890912
AudioMixerEffectController:
  m_ObjectHideFlags: 3
  m_CorrespondingSourceObject: {fileID: 0}
  m_PrefabInstance: {fileID: 0}
  m_PrefabAsset: {fileID: 0}
  m_Name: 
  m_EffectID: fba3ce7a5479d443c9b3930fea8edefa
  m_EffectName: Attenuation
  m_MixLevel: cd576528c2c514af4ba02348e60a7fd4
  m_Parameters: []
  m_SendTarget: {fileID: 0}
  m_EnableWetMix: 0
  m_Bypass: 0
--- !u!244 &244873556120312664
AudioMixerEffectController:
  m_ObjectHideFlags: 3
  m_CorrespondingSourceObject: {fileID: 0}
  m_PrefabInstance: {fileID: 0}
  m_PrefabAsset: {fileID: 0}
  m_Name: 
  m_EffectID: 5f112dc4f41584a4d8376b7a23f1697b
  m_EffectName: Attenuation
  m_MixLevel: c3ee70eafa31c484e9e90c7f97e312f6
  m_Parameters: []
  m_SendTarget: {fileID: 0}
  m_EnableWetMix: 0
  m_Bypass: 0
--- !u!245 &245045770607051536
AudioMixerSnapshotController:
  m_ObjectHideFlags: 0
  m_CorrespondingSourceObject: {fileID: 0}
  m_PrefabInstance: {fileID: 0}
  m_PrefabAsset: {fileID: 0}
  m_Name: Static
  m_AudioMixer: {fileID: 24100000}
  m_SnapshotID: 6418efe7af74a400c95b772cd9bdf06c
  m_FloatValues:
    d26cec030b76442f0834f22262db3e4c: -80
    a4f619a50bb334d8996fba5d33e0a17b: 0
    fae33aed899cd48deaee69439dde3991: -80
    156159de9983a4b74a11434abf2c5c34: -80
  m_TransitionOverrides: {}
--- !u!245 &245075720561260606
AudioMixerSnapshotController:
  m_ObjectHideFlags: 0
  m_CorrespondingSourceObject: {fileID: 0}
  m_PrefabInstance: {fileID: 0}
  m_PrefabAsset: {fileID: 0}
  m_Name: DubstepMusic
  m_AudioMixer: {fileID: 24100000}
  m_SnapshotID: 4dc5111ae74f04da7b5592baaff5b1dc
  m_FloatValues:
    d26cec030b76442f0834f22262db3e4c: -80
    a4f619a50bb334d8996fba5d33e0a17b: -80
    fae33aed899cd48deaee69439dde3991: -80
    156159de9983a4b74a11434abf2c5c34: 0
  m_TransitionOverrides: {}
--- !u!245 &245545833512073234
AudioMixerSnapshotController:
  m_ObjectHideFlags: 0
  m_CorrespondingSourceObject: {fileID: 0}
  m_PrefabInstance: {fileID: 0}
  m_PrefabAsset: {fileID: 0}
  m_Name: DubstepShort
  m_AudioMixer: {fileID: 24100000}
  m_SnapshotID: b35a7404be18640f7a47aac017a27266
  m_FloatValues:
    d26cec030b76442f0834f22262db3e4c: 0
    a4f619a50bb334d8996fba5d33e0a17b: -80
    fae33aed899cd48deaee69439dde3991: -80
    156159de9983a4b74a11434abf2c5c34: -80
  m_TransitionOverrides: {}
--- !u!245 &245774279887290656
AudioMixerSnapshotController:
  m_ObjectHideFlags: 0
  m_CorrespondingSourceObject: {fileID: 0}
  m_PrefabInstance: {fileID: 0}
  m_PrefabAsset: {fileID: 0}
  m_Name: DanceMusic
  m_AudioMixer: {fileID: 24100000}
  m_SnapshotID: 34387adbbf76a41c1b75becdba3bc74d
  m_FloatValues:
    d26cec030b76442f0834f22262db3e4c: -80
    a4f619a50bb334d8996fba5d33e0a17b: -80
    fae33aed899cd48deaee69439dde3991: 0
    156159de9983a4b74a11434abf2c5c34: -80
  m_TransitionOverrides: {}
